<record><leader>00000cas a22000007a 4500</leader><controlfield tag="001">21009948</controlfield><controlfield tag="008">900206d19751979lauwr ne      0    0eng d</controlfield><datafield ind1=" " ind2=" " tag="010"><subfield code="a">sn 90056016 </subfield></datafield><datafield ind1=" " ind2=" " tag="040"><subfield code="a">LNP</subfield><subfield code="b">eng</subfield><subfield code="c">LNP</subfield><subfield code="d">OCLCQ</subfield></datafield><datafield ind1=" " ind2=" " tag="042"><subfield code="a">msc</subfield></datafield><datafield ind1="0" ind2="0" tag="245"><subfield code="a">Kisatchie guardian.</subfield></datafield><datafield ind1=" " ind2=" " tag="260"><subfield code="a">Ft. Polk, La. :</subfield><subfield code="b">Beauregard News</subfield></datafield><datafield ind1=" " ind2=" " tag="300"><subfield code="a">v.</subfield></datafield><datafield ind1=" " ind2=" " tag="310"><subfield code="a">Weekly</subfield></datafield><datafield ind1="0" ind2=" " tag="362"><subfield code="a">Vol. 1, no. 1 (Jan. 3, 1975)-v. 16 [i.e. 6] no. 42 (Oct. 26, 1979).</subfield></datafield><datafield ind1=" " ind2=" " tag="515"><subfield code="a">Vol. 6, nos. 40-42 misnumbered v. 16, no. 40-42.</subfield></datafield><datafield ind1=" " ind2=" " tag="752"><subfield code="a">United States</subfield><subfield code="b">Louisiana</subfield><subfield code="c">Vernon</subfield><subfield code="d">Fort Polk.</subfield></datafield><datafield ind1=" " ind2=" " tag="752"><subfield code="a">United States</subfield><subfield code="b">Louisiana</subfield><subfield code="c">Vernon</subfield><subfield code="d">Leesville.</subfield></datafield><datafield ind1="0" ind2="0" tag="780"><subfield code="t">Outpost (Fort Polk, La. : 1973)</subfield><subfield code="w">(DLC)sn 90056015</subfield></datafield><datafield ind1="0" ind2="0" tag="785"><subfield code="t">Guardian (Fort Polk, La.)</subfield><subfield code="w">(DLC)sn 90056017</subfield></datafield></record>